
@misc{timelooper,
title = {Timelooper},
year = {2021},
howpublished = "\url{https://www.timelooper.com/}",
author = {{Timelooper Inc}},
note = {Last accessed on 07.10.2023}
}

@misc{googleearth,
title = {Overlays and KMLs},
year = {2019},
howpublished = "\url{https://earth.google.com/studio/docs/advanced-features/overlays-and-kmls/}",
author = {{Google Earth Studio}},
note = {Last accessed on 07.10.2023}
}

@misc{historik,
title = {Historik},
year = {2023},
howpublished = "\url{https://www.historik.com/}",
author = {{Historik L.L.C}},
note = {Last accessed on 07.10.2023}
}

@misc{arki,
title = {Arki},
year = {2020},
howpublished = "\url{https://www.darfdesign.com/arki.html}",
author = {{Darf Design}},
note = {Last accessed on 07.10.2023}
}

@misc{morpholio,
title = {Morpholio Trace},
year = {2022},
howpublished = "\url{https://morpholioapps.com/trace/}",
author = {{Morpholio}},
note = {Last accessed on 07.10.2023}
}

@misc{historicvr,
title = {Historic VR},
year = {2023},
howpublished = "\url{https://historicvr.com/index.php}",
author = {{Historic VR}},
note = {Last accessed on 07.10.2023}
}

@misc{romemvr,
title = {Rome MVR Time Window},
year = {2011},
howpublished = "\url{https://altair4multimedia.it/lavori/rome-mvr-time-window/}",
author = {{Altair4 Multimedia}},
note = {Last accessed on 07.10.2023}
}

@misc{tamworth,
title = {Augmented Reality Trail - Tamworth AR Explorer},
year = {2021},
howpublished = "\url{https://www.tamworthcastle.co.uk/ar-trail/}",
author = {{Tamworth Castle}},
note = {Last accessed 07.10.2023}
}

@article{obj1,
title = {An Overview of 3D Data Content, File Formats and Viewers},
year = {2008},
howpublished = "\url{http://isda.ncsa.illinois.edu/peter/publications/techreports/2008/NCSA-ISDA-2008-002.pdf}",
author = "Kenton McHenry and Peter Bajcsy",
journal = {University of Illinois Urbana-Champaign},
pages = {4}
}

@misc{obj2,
title = {OBJ 3D file format: When should you use it?},
year = {2019},
howpublished = "\url{https://www.threekit.com/blog/obj-3d-file-format-when-should-you-use-it/}",
author = {Ben Houston},
note = {Last accessed on 07.10.2023}
}

@misc{beacons,
title = {Indoor Positioning Systems based on BLE Beacons},
year = {2015},
howpublished = "\url{https://locatify.com/blog/indoor-positioning-systems-ble-beacons/}",
author = {{Locatify}},
note = {Last accessed on 07.10.2023}
}

@misc{anchor,
title = {Types of AR},
year = {2020},
howpublished = "\url{https://digitalpromise.org/initiative/360-story-lab/360-production-guide/investigate/augmented-reality/getting-started-with-ar/types-of-ar/}",
author = {{Digital Promise}},
note = {Last accessed on 07.10.2023}
}

@misc{agile,
title = {Incremental Development},
year = {2015},
howpublished = "\url{https://www.agilealliance.org/glossary/incremental-development/}",
author = {{Agile Alliance}},
note = {Last accessed on 07.10.2023}
}

