@misc{repo,
title = "ARCHAE Repository",
year = {2023},
howpublished = "\url{https://github.com/Rowan-Mather/csproject2023/tree/sites}",
author = {{Rowan Mather}},
note = {Last accessed on 25.11.2023}
}

@misc{romemvr,
    title = "Rome MVR Time Window",
    year = {2011},
    howpublished = "\url{https://altair4multimedia.it/lavori/rome-mvr-time-window/}",
    author = {{Altair4 Multimedia}},
    note = {Last accessed on 07.10.2023}
}

@ARTICLE{armotivation,
  author={Billinghurst, Mark and Duenser, Andreas},
  journal={Computer}, 
  title="Augmented Reality in the Classroom", 
  year={2012},
  volume={45},
  number={7},
  pages={62},
  doi={10.1109/MC.2012.111}
}

@article{placespotentials,
author = "Matt Bower and Cathie Howe and Nerida McCredie and Austin Robinson and David Grover",
title = "Augmented Reality in education â€“ cases, places and potentials",
journal = {Educational Media International},
volume = {51},
number = {1},
pages = {1-15},
year = {2014},
publisher = {Routledge},
doi = {10.1080/09523987.2014.889400}
}

@article{ardesign,
author = {Carlos Carbonell Carrera, Jose Luis Saorin Perez and Jorge de la Torre Cantero},
title = "Teaching with AR as a tool for relief visualization: usability and motivation study",
journal = {International Research in Geographical and Environmental Education},
volume = {27},
number = {1},
pages = {72},
year = {2018},
publisher = {Routledge},
doi = {10.1080/10382046.2017.1285135}
}

@misc{morpholio,
title = "Morpholio Trace",
year = {2022},
howpublished = "\url{https://morpholioapps.com/trace/}",
author = {{Morpholio}},
note = {Last accessed on 07.10.2023}
}

@misc{objimporter,
title = "Runtime OBJ Importer",
year = {2019},
howpublished = "\url{https://assetstore.unity.com/packages/tools/modeling/runtime-obj-importer-49547}",
author = {{Dummiesman}},
note = {Last accessed on 25.11.2023}
}

@misc{unitygyro,
title = "Gyroscope",
year = {2022},
howpublished = "\url{https://docs.unity3d.com/ScriptReference/Gyroscope.html}",
author = {{Unity}},
note = {Last accessed on 25.11.2023}
}

@misc{unitylocation,
title = "LocationService",
year = {2022},
howpublished = "\url{https://docs.unity3d.com/ScriptReference/LocationService.html}",
author = {{Unity}},
note = {Last accessed on 25.11.2023}
}

@misc{unityar,
title = "Class ARInputManager",
year = {2022},
howpublished = "\url{https://docs.unity3d.com/Packages/com.unity.xr.arfoundation@5.0/api/UnityEngine.XR.ARFoundation.ARInputManager.html}",
author = {{Unity}},
note = {Last accessed on 25.11.2023}
}

@misc{gyroissue,
title = "[ANDROID] GYROSCOPE FUNCTIONALITY DOESN'T RESPOND IN THE PLAYER WHEN USING A TABLET",
year = {2023},
howpublished = "\url{https://issuetracker.unity3d.com/issues/android-gyroscope-functionality-doesnt-respond-in-the-player-when-using-a-tablet}",
author = {{Unity}},
note = {Last accessed on 25.11.2023}
}



