@misc{----------------GLOSSARY----------------, key=""}

@incollection{oed:virtualreality,
    title = {virtual reality (n.)},
    booktitle = {OED Online},
    publisher = {Oxford University Press},
    year = {2023}, 
    address = "\url{https://www.oed.com/dictionary/virtual-reality_n}",
    note = {{Last accessed on 25.03.2024}}
}

@incollection{oed:augmentedreality,
    title = {augmented reality (n.)},
    booktitle = {OED Online},
    publisher = {Oxford University Press},
    year = {2023}, 
    address = "\url{https://www.oed.com/dictionary/augmented-reality_n?tl=true/}",
    note = {{Last accessed on 25.03.2024}}
}

@article{3dmodel,
    author = {Bernardini, F and Rushmeier, H},
    title = {The 3D Model Acquisition Pipeline},
    journal = {Computer Graphics Forum},
    year = {2002},
    month = {August},
    doi={https://doi.org/10.1111/1467-8659.00574},
    volume={21},
    pages={149}
}

@misc{----------------INTRODUCTION----------------, key=""}

@article{education:ARlit,
    author = "Diegmann, P and Schmidt-Kraepelin, M and Eynden, S and Basten, D",
    title = {Benefits of Augmented Reality in Educational Environments - A Systematic Literature Review},
    journal = {Wirtschaftsinformatik Proceedings},
    year = {2015},
    pages = {1548}
}

@article{education:overwhelm,
    author = "Alzahrani, N M",
    title = {Augmented reality: A systematic review of its benefits and challenges in e-learning contexts},
    journal = {Applied Sciences},
    year = {2020},
    month = {August},
    pages = {5675},
    volume = {10}
}

@article{education:class,
  author={Billinghurst, Mark and Duenser, Andreas},
  journal={Computer}, 
  title="Augmented Reality in the Classroom", 
  year={2012},
  volume={45},
  number={7},
  pages={62},
  doi={10.1109/MC.2012.111}
}

@article{education:placespotentials,
    author = "Matt Bower and Cathie Howe and Nerida McCredie and Austin Robinson and David Grover",
    title = "Augmented Reality in education â€“ cases, places and potentials",
    journal = {Educational Media International},
    volume = {51},
    number = {1},
    pages = {1-15},
    year = {2014},
    publisher = {Routledge},
    doi = {10.1080/09523987.2014.889400}
}

@article{interviews:rosellapaper, 
title={Evaluation of the effectiveness of HDR Tone-mapping operators for photogrammetric applications}, 
volume={7}, 
DOI={10.4995/var.2016.6319}, 
number={15}, 
journal={Virtual Archaeology Review}, 
author={Suma, Rossella and Stavropoulou, Georgia and Stathopoulou, Elisavet K. and Van Gool, Luc and Georgopoulos, Andreas and Chalmers, Alan}, 
year={2016}, month={Nov}, 
pages={54}
} 

@misc{----------------EXISTINGWORK----------------, key=""}
@misc{existing:timelooper,
title = {Timelooper},
year = {2021},
howpublished = "\url{https://www.timelooper.com/}",
author = {{Timelooper Inc}},
note = {Last accessed on 07.10.2023}
}

@misc{existing:googleearth,
title = {Overlays and KMLs},
year = {2019},
howpublished = "\url{https://earth.google.com/studio/docs/advanced-features/overlays-and-kmls/}",
author = {{Google Earth Studio}},
note = {Last accessed on 07.10.2023}
}

@misc{existing:historik,
title = {Historik},
year = {2023},
howpublished = "\url{https://www.historik.com/}",
author = {{Historik L.L.C}},
note = {Last accessed on 07.10.2023}
}

@misc{existing:arki,
title = {Arki},
year = {2020},
howpublished = "\url{https://www.darfdesign.com/arki.html}",
author = {{Darf Design}},
note = {Last accessed on 07.10.2023}
}

@misc{existing:morpholio,
title = {Morpholio Trace},
year = {2022},
howpublished = "\url{https://morpholioapps.com/trace/}",
author = {{Morpholio}},
note = {Last accessed on 07.10.2023}
}

@misc{existing:historicvr,
title = {Historic VR},
year = {2023},
howpublished = "\url{https://historicvr.com/index.php}",
author = {{Historic VR}},
note = {Last accessed on 07.10.2023}
}

@misc{existing:romemvr,
title = {Rome MVR Time Window},
year = {2011},
howpublished = "\url{https://altair4multimedia.it/lavori/rome-mvr-time-window/}",
author = {{Altair4 Multimedia}},
note = {Last accessed on 07.10.2023}
}

@misc{existing:tamworth,
title = {Augmented Reality Trail - Tamworth AR Explorer},
year = {2021},
howpublished = "\url{https://www.tamworthcastle.co.uk/ar-trail/}",
author = {{Tamworth Castle}},
note = {Last accessed 07.10.2023}
}

@article{existing:ardesign,
author = {Carlos Carbonell Carrera, Jose Luis Saorin Perez and Jorge de la Torre Cantero},
title = "Teaching with AR as a tool for relief visualization: usability and motivation study",
journal = {International Research in Geographical and Environmental Education},
volume = {27},
number = {1},
pages = {72},
year = {2018},
publisher = {Routledge},
doi = {10.1080/10382046.2017.1285135}
}

@InProceedings{existing:virtualhertitagereview,
author="Noh, Zakiah
and Sunar, Mohd Shahrizal
and Pan, Zhigeng",
editor="Chang, Maiga
and Kuo, Rita
and Kinshuk
and Chen, Gwo-Dong
and Hirose, Michitaka",
title="A Review on Augmented Reality for Virtual Heritage System",
booktitle="Learning by Playing. Game-based Education System Design and Development",
year="2009",
publisher="Springer Berlin Heidelberg",
address="Berlin, Heidelberg",
pages="50--61",
isbn="978-3-642-03364-3"
}

@inproceedings{existing:hagia,
  title={Virtual Hagia Sophia: Restitution, visualization and virtual life simulation},
  author={Foni, A and Papagiannakis, George and Magnenat-Thalmann, Nadia},
  booktitle={Proc. UNESCO World Heritage Congress},
  volume={2},
  year={2002}
}

@inproceedings{existing:campeche,
  title={Virtual campeche: A web based virtual three-dimensional tour},
  author={Zara, Jiri and Benes, Bedrich and Rodarte, Rocio Ruiz},
  booktitle={Proceedings of the Fifth Mexican International Conference in Computer Science, 2004. ENC 2004.},
  pages={133--140},
  year={2004},
  organization={IEEE}
}

@inproceedings{existing:pompeii,
  title={The virtual pompeii project},
  author={Jacobson, Jeffrey and Vadnal, Jane},
  booktitle={E-Learn: World Conference on E-Learning in Corporate, Government, Healthcare, and Higher Education},
  pages={1644--1649},
  year={2005},
  organization={Association for the Advancement of Computing in Education (AACE)}
}

@misc{originality:armarker,
howpublished = "\url{https://www.researchgate.net/figure/example-of-marker-based-AR_fig1_332543647/}",
journal={Example of marker-based AR}, publisher={University Ibn Zohr}, author={Salah-ddine, Krit}, year={2019}, month={Apr}} 

@misc{originality:arvrmr, title={Augmented reality vs virtual reality vs mixed reality}, 
howpublished = "\url{https://techaxlabs.com/augmented-reality-vs-virtual-reality-vs-mixed-reality/}", journal={Techax Labs}, author={Tech@x}, year={2021}, month={Jun}} 

@misc{----------------PROJECTMANAGEMENT----------------, key=""}

@misc{management:incremental,
title = {Incremental Development},
year = {2015},
howpublished = "\url{https://www.agilealliance.org/glossary/incremental-development/}",
author = {{Agile Alliance}},
note = {Last accessed on 07.10.2023}
}

@misc{----------------DESIGN----------------, key=""}
@misc{design:android,
title = "Android Studio",
howpublished = "\url{https://developer.android.com/studio/}", 
author = {{Android Developers}},
note = {Last accessed on 29.03.2024}
}

@misc{design:unity,
title = "Unity Real-Time Development Platform: 3D, 2D, VR \& AR Engine.",
howpublished = "\url{https://unity.com/}",
author = {{Unity}},
note = {Last accessed on 29.03.2024}
}

@misc{design:unreal,
title = "The Most Powerful Real-Time 3D Creation Tool - Unreal Engine.",
howpublished = "\url{https://www.unrealengine.com/en-US/}", 
author = {{Unreal}},
note = {Last accessed on 29.03.2024}
}

@misc{design:neilsons,
  title={Ten usability heuristics},
  author={Nielsen, Jakob},
  year={2005},
  howpublished = "\url{https://web.archive.org/web/20170811163512id_/http://ecinstructors.wikispaces.umb.edu/file/view/Jakob+Nielsens+Usability+TIps.pdf}",
}

@misc{design:videodemo,
  title={ARchae Tutorial},
  author={Rowan Mather},
  year={2024},
  month={March},
  howpublished = "\url{https://www.youtube.com/watch?v=xtoHQ3a2LKU}",
}

https://www.youtube.com/watch?v=xtoHQ3a2LKU

@misc{----------------Tools----------------, key=""}

@misc{tools:repo,
title = "ARCHAE Repository",
year = {2023},
howpublished = "\url{https://github.com/Rowan-Mather/csproject2023/tree/sites}",
author = {{Rowan Mather}},
note = {Last accessed on 25.11.2023}
}

@misc{----------------ImportingModels----------------, key=""}

@misc{models:streamreader,
title = "StreamReader Class",
year = {2024},
howpublished = "\url{https://learn.microsoft.com/en-us/dotnet/api/system.io.streamreader?view=net-8.0}",
publisher={{Microsoft}},
note = {Last accessed on 01.04.2024}
}

@misc{models:objimporter,
title = "Runtime OBJ Importer",
year = {2019},
howpublished = "\url{https://assetstore.unity.com/packages/tools/modeling/runtime-obj-importer-49547}",
author = {{Dummiesman}},
note = {Last accessed on 25.11.2023}
}

@misc{models:samplemodels,
title = "OBJ Files A 3D Object Format",
year = {2019},
howpublished = "\url{https://people.sc.fsu.edu/~jburkardt/data/obj/obj.html}",
author = {Burkardt, John},
publisher = {{Florida State University}},
note = {Last accessed on 01.04.2024}
}

@misc{models:www,
title = "WWW",
year = {2022},
howpublished = "\url{https://docs.unity3d.com/ScriptReference/WWW.html}",
publisher = {{Unity}},
note = {Last accessed on 01.04.2024}
}

@misc{----------------Movement----------------, key=""}

@incollection{movement:latitudelongitude,
    title = {latitude and longitude},
    booktitle = {Encyclopedia Britannica},
    publisher = {Britannica},
    year = {2024}, 
    address = "\url{https://www.britannica.com/science/latitude/}",
    note = {{Last accessed on 06.04.2024}}
}


@misc{movement:haversine,
title = "Haversine formula",
year = {2024},
month = {Feb},
howpublished = "\url{https://en.wikipedia.org/wiki/Haversine_formula}",
publisher = {{Wikipedia}},
note = {Last accessed on 01.04.2024}
}

@misc{movement:runningspeed,
title = "Everyday motion - OCR Gateway: Speed",
year = {2021},
howpublished = "\url{https://www.bbc.co.uk/bitesize/guides/zq4mfcw/revision/1}",
publisher = {{BBC}},
note = {Last accessed on 06.04.2024}
}

@misc{movement:locationservice,
title = "Location Service Start",
year = {2022},
howpublished = "\url{https://docs.unity3d.com/ScriptReference/LocationService.Start.html}",
publisher = {{Unity}},
note = {Last accessed on 06.04.2024}
}

@misc{movement:newinputsystem,
title = "Input System",
year = {2022},
howpublished = "\url{https://docs.unity3d.com/Manual/com.unity.inputsystem.html}",
publisher = {{Unity}},
note = {Last accessed on 06.04.2024}
}

@misc{movement:gyroissue,
title = "[ANDROID] GYROSCOPE FUNCTIONALITY DOESN'T RESPOND IN THE PLAYER WHEN USING A TABLET",
year = {2023},
howpublished = "\url{https://issuetracker.unity3d.com/issues/android-gyroscope-functionality-doesnt-respond-in-the-player-when-using-a-tablet}",
author = {{Unity}},
note = {Last accessed on 25.11.2023}
}

@misc{movement:rotationrate,
title = "Gyroscope.rotationRateUnbiased",
year = {2022},
howpublished = "\url{https://docs.unity3d.com/ScriptReference/Gyroscope-rotationRateUnbiased.html}",
author = {{Unity}},
note = {Last accessed on 25.11.2023}
}

@misc{movement:touchcontrol,
title = "Unity3D: Panning and Zooming (pinch-to-zoom) Your Camera With Touch and Mouse Input",
year = {2016},
month = {Nov},
howpublished = "\url{https://kylewbanks.com/blog/unity3d-panning-and-pinch-to-zoom-camera-with-touch-and-mouse-input}",
author = {Banks, Kyle},
note = {Last accessed on 06.04.2024}
}

@misc{arsynthesis:cameratutorial,
title = "Device Camera - How to - Unity 3D [Tutorial]",
year = {2017},
month = {Jan},
howpublished = "\url{https://www.youtube.com/watch?v=c6NXkZWXHnc}",
author = {{N3K EN}},
publisher = {{YouTube}},
note = {Last accessed on 06.04.2024}
}

@misc{----------------Testing----------------, key=""}

@misc{testing:mayantemple,
title = "Mayan Temple",
year = {2014},
howpublished = "\url{https://sketchfab.com/3d-models/mayan-temple-6eaca8031502499db6c1041b6c99ef96}",
author = {{Microsoft}},
publisher = {{Sketchfab}},
note = {Last accessed on 10.04.2024}
}

@misc{testing:computer,
title = "Retro Computer Setup",
year = {2017},
howpublished = "\url{https://sketchfab.com/3d-models/retro-computer-setup-free-82eaf2047e0447a1bfea22482f1d1404}",
author = {Westlake, Brandon},
publisher = {{Sketchfab}},
note = {Last accessed on 10.04.2024}
}

@misc{testing:locomotive,
title = "Locomotive Virginia",
year = {2018},
howpublished = "\url{https://free3d.com/3d-model/locomotive-virginia-84536.html}",
author = {Lilippe, Lucien},
publisher = {{Sketchfab}},
note = {Last accessed on 10.04.2024}
}

@misc{testing:standingstone,
title = "Standing stone with Latin and Ogam inscriptions",
year = {2022},
howpublished = "\url{https://www.myminifactory.com/object/3d-print-standing-stone-with-latin-and-ogam-inscriptions-189639}",
author = {{Scan The World}},
publisher = {{MyMiniFactory}},
note = {Last accessed on 10.04.2024}
}

@article{testing:acceptancemodel, title={A questionnaire approach based on the technology acceptance model for mobile tracking on patient progress applications}, volume={9}, DOI={10.3844/jcssp.2013.763.770}, number={6}, journal={Journal of Computer Science}, author={Abu-Dalbouh, HussainÂ  Mohammad}, year={2013}, month={Jun}, pages={763â€“770}} 

@misc{testing:covhistory,
title = "Our History",
year = {2024},
howpublished = "\url{https://www.coventrycathedral.org.uk/our-story/history}",
author = {{Coventry Cathedral}},
note = {Last accessed on 10.04.2024}
}

@misc{----------------FutureWork----------------, key=""}

@misc{futurework:lightmapping,
title = "Lightmapping",
year = {2022},
howpublished = "\url{https://docs.unity3d.com/Manual/Lightmappers.html}",
publisher = {{Unity}},
note = {Last accessed on 27.02.2024}
}

@misc{futurework:levelofdetail,
title = "Level of Detail",
year = {2022},
howpublished = "\url{https://docs.unity3d.com/Manual/LevelOfDetail.html}",
publisher = {{Unity}},
note = {Last accessed on 27.02.2024}
}

@misc{futurework:LODbrackeys,
title = "MAKE YOUR GAME RUN SMOOTH - Unity LOD Tutorial",
year = {2018},
howpublished = "\url{https://www.youtube.com/watch?v=ifNyVS2_6f8}",
author = {{Brackeys}},
publisher = {{YouTube}},
note = {Last accessed on 27.02.2024}
}

@misc{futurework:nanoLOD,
title = "Nanolod | Automatic LODs",
year = {2021},
howpublished = "\url{https://assetstore.unity.com/packages/tools/modeling/nanolod-automatic-lods-193314}",
author = {{nanolabo}},
publisher = {{Unity}},
note = {Last accessed on 27.02.2024}
}

@article{futurework:beaconaccuracy, title={Improving indoor localization using bluetooth low energy beacons}, volume={2016}, DOI={10.1155/2016/2083094}, journal={Mobile Information Systems}, author={Kriz, Pavel and Maly, Filip and Kozel, Tomas}, year={2016}, pages={1â€“11}} 

@misc{futurework:gpsaccuracy,
title = "GPS Accuracy",
year = {2022},
howpublished = "\url{https://www.gps.gov/systems/gps/performance/accuracy/}",
publisher = {{National Coordination Office for Space-Based Positioning, Navigation, and Timing}},
note = {Last accessed on 09.04.2024}
}

@misc{futurework:weather,
title = "Time of Day \& Weather System,",
year = {2016},
howpublished = "\url{https://assetstore.unity.com/packages/tools/particles-effects/time-of-day-weather-system-40374/}",
author = {Johansson, Tobias},
publisher = {{Unity}},
note = {Last accessed on 09.04.2024}
}

